
@online{CNN,
    author    = "Selena Larson",
    title     = "Instagram hackers are selling user emails and phone numbers",
    url       = "http://money.cnn.com/2017/09/01/technology/business/instagram-hack/index.html",
    year      = "2017"
}

@online{THN,
    author    = "Mohit Kumar",
    title     = "Instagram Hacker Puts 6 Million Celebrities Personal Data Up For Sale On DoxaGram",
    url       = "http://thehackernews.com/2017/09/instagram-hack-doxagram.html",
    year      = "2017"
}

@online{SE,
    author    = "Aaron Brown",
    title     = "Instagram HACK - Users’ details sold online, find out if YOU are affected",
    url       = "http://www.express.co.uk/life-style/science-technology/849813/Instagram-Hack-Contact-Details-Find-Out-Email-Address-UK",
    year      = "2017"
}

@online{TDD,
    author    = "Phillip Tracy",
    title     = "Hackers claim to be selling millions of Instagram users’ contact details",
    url       = "https://www.dailydot.com/debug/instagram-hack-phone-numbers-for-sale/",
    year      = "2017"
}

@online{CTN,
    author    = "Cetus News",
    title     = "Six million Instagram accounts hacked: how to protect yourself",
    url       = "http://www.cetusnews.com/tech/Six-million-Instagram-accounts-hacked--how-to-protect-yourself.Byl3jEo9FZ.html",
    year      = "2017"
}

@online{INS,
    author    = "Mike Krieger",
    title     = "A Note on Security from Instagram’s CTO",
    url       = "http://blog.instagram.com/post/164871973302/170901-news",
    year      = "2017"
}

@online{TV,
    author    = "Casey Newton",
    title     = "An Instagram hack hit millions of accounts, and victims’ phone numbers are now for sale",
    url       = "https://www.theverge.com/2017/9/1/16244304/instagram-hack-api-bug-doxagram-selena-gomez",
    year      = "2017"
}