@online{EQX,
    author    = "Equifax",
    title     = "How Does Credit Reporting Work?",
    url       = "https://help.equifax.com/s/article/ka1370000009Fq1AAE/How-does-credit-reporting-work",
    year      = "2017"
}

@online{CI,
    author    = "Seena Gressin",
    title     = "The Equifax Data Breach: What to Do",
    url       = "https://www.consumer.ftc.gov/blog/2017/09/equifax-data-breach-what-do",
    year      = "2017"
}

@online{WS,
    author    = "Scott Trube",
    title     = "Equifax Reports Massive Data Breach that Could Affect 143 Million in U.S.",
    url       = "http://www.wsoctv.com/news/local/equifax-reports-massive-data-breach-that-could-affect-143-million-in-us-1/604904815",
    year      = "2017"
}

@online{CR,
    author    = "Todd Haselton",
    title     = "Credit Reporting Firm Equifax Says Data Breach Could Potentially Affect 143 Million US Consumers",
    url       = "https://www.cnbc.com/2017/09/07/credit-reporting-firm-equifax-says-cybersecurity-incident-could-potentially-affect-143-million-us-consumers.html",
    year      = "2017"
}

@online{YG,
    author    = "Sharon Profis",
    title     = "Your Guide to Surviving the Equifax Data Breach",
    url       = "https://www.cnet.com/how-to/your-guide-to-surviving-equifax-data-breach/",
    year      = "2017"
}

@online{CNN,
    author    = "Bruce Schneier",
    title     = "Don't waste your breath complaining to Equifax about data breach",
    url       = "http://www.cnn.com/2017/09/11/opinions/dont-complain-to-equifax-demand-government-act-opinion-schneier/index.html",
    year      = "2017"
}

@online{AM,
    author    = "Michelle Singletary",
    title     = "After Massive Equifax Breach, Let’s Make It Free to Freeze Your Credit",
    url       = "https://www.washingtonpost.com/news/get-there/wp/2017/09/14/after-massive-equifax-breach-lets-make-it-free-to-freeze-your-credit/?utm_term=.58ef5540ebab",
    year      = "2017"
}

@online{CE,
    author    = "Caleb Ecarma ",
    title     = "UPDATED: Ex-Equifax ‘Chief Info Security Officer’ Has a BA and MFA in ‘Music Composition’",
    url       = "https://www.mediaite.com/online/equifax-chief-info-security-officer-has-a-ba-and-mfa-in-music-composition/",
    year      = "2017"
}

@online{ES,
    author    = "Angelica LaVito",
    title     = "Equifax Security and Information Executives to Retire",
    url       = "https://www.cnbc.com/2017/09/15/equifax-security-and-information-executives-to-retire-dj-reports.html",
    year      = "2017"
}

@online{AC,
    author    = "Tyler Durden",
    title     = "Another Coverup? Equifax Accused Of Scrubbing That Its Chief Security Officer Was A Music Major",
    url       = "http://www.zerohedge.com/news/2017-09-15/another-equifax-coverup-did-company-scrub-its-chief-security-officer-was-music-major",
    year      = "2017"
}